@manual{POSIX:2008,
	title =			"{The Open Group Base Specifications Issue 7 / IEEE Std 1003.1â„¢, 2013 Edition}",
	organization =	"{The Open Group and IEEE}",
	year =			"{2013}",
}
